@article{lees2010theoretical,
  title={Theoretical maximum capacity as benchmark for empty vehicle redistribution in personal rapid transit},
  author={Lees-Miller, John and Hammersley, John and Wilson, R},
  journal={Transportation Research Record: Journal of the Transportation Research Board},
  number={2146},
  pages={76--83},
  year={2010},
  publisher={Transportation Research Board of the National Academies}
}

@article{brown1992class,
  title={Class-based n-gram models of natural language},
  author={Brown, Peter F and Desouza, Peter V and Mercer, Robert L and Pietra, Vincent J Della and Lai, Jenifer C},
  journal={Computational linguistics},
  volume={18},
  number={4},
  pages={467--479},
  year={1992},
  publisher={MIT Press}
}
